@article{FujiwaraYuzuru,
author = {{Fujiwara Yuzuru}},
file = {:Users/pub/ARTICLES{\_}AND{\_}DOCUMENTS/9{\_}KJ00001039638.pdf:pdf},
journal = {情報知識学会誌},
number = {1},
pages = {13},
title = {情報学基礎論の現状と展望},
volume = {9},
year = {1999}
}
