@article{
test,
author = "著者",
title = "タイトル",
publisher = "出版社",
year = "2009",
volume = "3",
series = "9"
}

